@book{saaty2000fundamentals,
  title={Fundamentals of decision making and priority theory with the analytic hierarchy process},
  author={Saaty, Thomas L.},
  volume={6},
  year={2000},
  publisher={RWS Publications}
}

@article{davvodi2009inconsistency,
  title={On Inconsistency of a Pairwise Comparison Matrix},
  author={Davvodi, A.},
  journal={International Journal of Industrial Mathematics},
  volume={1},
  number={4},
  pages={343--350},
  year={2009}
}